@Article{komp,
 author    = "Morten Hjort-Jensen",
 title     = "Computational Physics. Lecture Notes Fall 2015",
 year      =  2015,
 address   = "Fysisk institutt, Universitetet i Oslo",
}
